<?xml version="1.0" encoding="UTF-8"?><collection xmlns="http://www.loc.gov/MARC21/slim"><record><leader>00521nam--2200133-i-4500</leader><controlfield tag="001">000001885</controlfield><controlfield tag="002">20161230</controlfield><controlfield tag="005">20161230201024</controlfield><controlfield tag="008">060222s1000------------r-----000-0-eng-d</controlfield><datafield ind1=" " ind2=" " tag="080"><subfield code="a">621.375.826</subfield></datafield><datafield ind1=" " ind2=" " tag="100"><subfield code="a">Domain, Jean</subfield></datafield><datafield ind1=" " ind2=" " tag="245"><subfield code="a">Contribution a la realisation d un lase au neodyme:etude spectroscopique de l ion neodyme trivalent dans le tungstate de calcium et dans un verre.spectroscopie des terres rares.theses</subfield></datafield><datafield ind1=" " ind2=" " tag="260"><subfield code="a">Paris, La Faculte Des Sciences De L Universite /F.A./ 66 P.+ Fig.(Fotocopii)</subfield></datafield><datafield ind1=" " ind2=" " tag="852"><subfield code="a">20204</subfield></datafield></record></collection>